<?xml version="1.0" encoding="UTF-8"?><record xmlns="http://www.loc.gov/MARC21/slim" xmlns:cinclude="http://apache.org/cocoon/include/1.0" xmlns:zs="http://www.loc.gov/zing/srw/">
  <leader>00613nz  a2200145n  4500</leader>
  <controlfield tag="001">no2011057006</controlfield>
  <controlfield tag="003">DLC</controlfield>
  <controlfield tag="005">20110413075420.0</controlfield>
  <controlfield tag="008">110411n| acannaabn          |n ana      </controlfield>
  <datafield tag="010" ind1=" " ind2=" ">
    <subfield code="a">no2011057006</subfield>
  </datafield>
  <datafield tag="035" ind1=" " ind2=" ">
    <subfield code="a">(OCoLC)oca08824948</subfield>
  </datafield>
  <datafield tag="040" ind1=" " ind2=" ">
    <subfield code="a">DLC</subfield>
    <subfield code="b">eng</subfield>
    <subfield code="c">DLC</subfield>
  </datafield>
  <datafield tag="110" ind1="2" ind2=" ">
    <subfield code="a">Khudi (Pakistan)</subfield>
  </datafield>
  <datafield tag="670" ind1=" " ind2=" ">
    <subfield code="a">LaĚltĚŁain, Issue 1, 2011:</subfield>
    <subfield code="b">cover (Khudi)</subfield>
  </datafield>
  <datafield tag="670" ind1=" " ind2=" ">
    <subfield code="a">WWW site, viewed Apr. 11, 2011</subfield>
    <subfield code="b">(Khudi is a Pakistani social movement that has been established to counter the spread of extremist ideology within Pakistan, predominantly amongst younger generations of Pakistanis, who now constitute 63% of the total population)</subfield>
  </datafield>
</record>